@Manual{bookdown2024,
title = {{bookdown}: Authoring Books and Technical Documents with R Markdown},
  author = {Yihui Xie},
  year = {2024},
  note = {R package version 0.41},
  url = {https://github.com/rstudio/bookdown},
}

@Book{bookdown2016,
title = {{bookdown}: Authoring Books and Technical Documents with {R} Markdown},
  author = {Yihui Xie},
  publisher = {Chapman and Hall/CRC},
  address = {Boca Raton, Florida},
  year = {2016},
  isbn = {978-1138700109},
  url = {https://bookdown.org/yihui/bookdown},
}
@Article{caret,
  title = {Building Predictive Models in R Using the caret Package},
  volume = {28},
  url = {https://www.jstatsoft.org/index.php/jss/article/view/v028i05},
  doi = {10.18637/jss.v028.i05},
  number = {5},
  journal = {Journal of Statistical Software},
  author = {{Kuhn} and {Max}},
  year = {2008},
  pages = {1–26},
}
@Manual{cowplot,
title = {{cowplot}: Streamlined Plot Theme and Plot Annotations for `{ggplot2}'},
  author = {Claus O. Wilke},
  year = {2024},
  note = {R package version 1.1.3},
  url = {https://CRAN.R-project.org/package=cowplot},
}
@Manual{datatable,
title = {{data.table}: Extension of `{data.frame}'},
  author = {Tyson Barrett and Matt Dowle and Arun Srinivasan and Jan Gorecki and Michael Chirico and Toby Hocking and Benjamin Schwendinger},
  year = {2024},
  note = {R package version 1.16.4},
  url = {https://CRAN.R-project.org/package=data.table},
}
@Manual{devtools,
title = {{devtools}: Tools to Make Developing R Packages Easier},
  author = {Hadley Wickham and Jim Hester and Winston Chang and Jennifer Bryan},
  year = {2022},
  note = {R package version 2.4.5},
  url = {https://CRAN.R-project.org/package=devtools},
}
@Manual{diffcor,
title = {{diffcor}: Fisher's z-Tests Concerning Differences Between Correlations},
  author = {Christian Blötner},
  year = {2024},
  note = {R package version 0.8.4},
  url = {https://CRAN.R-project.org/package=diffcor},
}
@Manual{emmeans,
title = {{emmeans}: Estimated Marginal Means, aka Least-Squares Means},
  author = {Russell V. Lenth},
  year = {2024},
  note = {R package version 1.10.6},
  url = {https://CRAN.R-project.org/package=emmeans},
}
@Manual{factoextra,
title = {{factoextra}: Extract and Visualize the Results of Multivariate Data Analyses},
  author = {Alboukadel Kassambara and Fabian Mundt},
  year = {2020},
  note = {R package version 1.0.7},
  url = {https://CRAN.R-project.org/package=factoextra},
}
@Manual{flextable,
title = {{flextable}: Functions for Tabular Reporting},
  author = {David Gohel and Panagiotis Skintzos},
  year = {2024},
  note = {R package version 0.9.7},
  url = {https://CRAN.R-project.org/package=flextable},
}
@Manual{ggpubr,
title = {{ggpubr}: `{ggplot2}' Based Publication Ready Plots},
  author = {Alboukadel Kassambara},
  year = {2023},
  note = {R package version 0.6.0},
  url = {https://CRAN.R-project.org/package=ggpubr},
}
@Manual{ggsci,
title = {{ggsci}: Scientific Journal and Sci-Fi Themed Color Palettes for
`{ggplot2}'},
  author = {Nan Xiao},
  year = {2024},
  note = {R package version 3.2.0},
  url = {https://CRAN.R-project.org/package=ggsci},
}
@Article{glmnet2010,
  title = {Regularization Paths for Generalized Linear Models via Coordinate Descent},
  author = {Jerome Friedman and Robert Tibshirani and Trevor Hastie},
  journal = {Journal of Statistical Software},
  year = {2010},
  volume = {33},
  number = {1},
  pages = {1--22},
  doi = {10.18637/jss.v033.i01},
}

@Article{glmnet2011,
  title = {Regularization Paths for Cox's Proportional Hazards Model via Coordinate Descent},
  author = {Noah Simon and Jerome Friedman and Robert Tibshirani and Trevor Hastie},
  journal = {Journal of Statistical Software},
  year = {2011},
  volume = {39},
  number = {5},
  pages = {1--13},
  doi = {10.18637/jss.v039.i05},
}

@Article{glmnet2023,
  title = {Elastic Net Regularization Paths for All Generalized Linear Models},
  author = {J. Kenneth Tay and Balasubramanian Narasimhan and Trevor Hastie},
  journal = {Journal of Statistical Software},
  year = {2023},
  volume = {106},
  number = {1},
  pages = {1--31},
  doi = {10.18637/jss.v106.i01},
}
@Manual{grateful,
title = {{grateful}: Facilitate citation of R packages},
  author = {Francisco Rodriguez-Sanchez and Connor P. Jackson},
  year = {2023},
  url = {https://pakillo.github.io/grateful/},
}
@Manual{gridExtra,
title = {{gridExtra}: Miscellaneous Functions for ``{Grid}'' Graphics},
  author = {Baptiste Auguie},
  year = {2017},
  note = {R package version 2.3},
  url = {https://CRAN.R-project.org/package=gridExtra},
}
@Manual{interactions,
title = {{interactions}: Comprehensive, User-Friendly Toolkit for Probing Interactions},
  author = {Jacob A. Long},
  year = {2024},
  note = {R package version 1.2.0},
  url = {https://cran.r-project.org/package=interactions},
  doi = {10.32614/CRAN.package.interactions},
}
@Manual{kableExtra,
title = {{kableExtra}: Construct Complex Table with `{kable}' and Pipe Syntax},
  author = {Hao Zhu},
  year = {2024},
  note = {R package version 1.4.0},
  url = {https://CRAN.R-project.org/package=kableExtra},
}
@Manual{knitr2024,
title = {{knitr}: A General-Purpose Package for Dynamic Report Generation in R},
  author = {Yihui Xie},
  year = {2024},
  note = {R package version 1.49},
  url = {https://yihui.org/knitr/},
}

@Book{knitr2015,
  title = {Dynamic Documents with {R} and knitr},
  author = {Yihui Xie},
  publisher = {Chapman and Hall/CRC},
  address = {Boca Raton, Florida},
  year = {2015},
  edition = {2nd},
  note = {ISBN 978-1498716963},
  url = {https://yihui.org/knitr/},
}

@InCollection{knitr2014,
  booktitle = {Implementing Reproducible Computational Research},
  editor = {Victoria Stodden and Friedrich Leisch and Roger D. Peng},
title = {{knitr}: A Comprehensive Tool for Reproducible Research in {R}},
  author = {Yihui Xie},
  publisher = {Chapman and Hall/CRC},
  year = {2014},
  note = {ISBN 978-1466561595},
}
@Article{lme4,
  title = {Fitting Linear Mixed-Effects Models Using {lme4}},
  author = {Douglas Bates and Martin M{\"a}chler and Ben Bolker and Steve Walker},
  journal = {Journal of Statistical Software},
  year = {2015},
  volume = {67},
  number = {1},
  pages = {1--48},
  doi = {10.18637/jss.v067.i01},
}
@Article{lmerTest,
  title = {{lmerTest} Package: Tests in Linear Mixed Effects Models},
  author = {Alexandra Kuznetsova and Per B. Brockhoff and Rune H. B. Christensen},
  journal = {Journal of Statistical Software},
  year = {2017},
  volume = {82},
  number = {13},
  pages = {1--26},
  doi = {10.18637/jss.v082.i13},
}
@Article{lmtest,
  title = {Diagnostic Checking in Regression Relationships},
  author = {Achim Zeileis and Torsten Hothorn},
  journal = {R News},
  year = {2002},
  volume = {2},
  number = {3},
  pages = {7--10},
  url = {https://CRAN.R-project.org/doc/Rnews/},
}
@TechReport{logisticPCA,
  title = {Dimensionality Reduction for Binary Data through the Projection of Natural Parameters},
  author = {Andrew J. Landgraf and Yoonkyung Lee},
  institution = {Department of Statistics, The Ohio State University},
  year = {2015},
  number = {890},
  url = {http://arxiv.org/abs/1510.06112},
}
@Manual{lsr,
  title = {Learning statistics with R: A tutorial for psychology students and other beginners. (Version 0.6)},
  author = {Danielle Navarro},
  organization = {University of New South Wales},
  address = {Sydney, Australia},
  year = {2015},
  note = {R package version 0.5.1},
  url = {https://learningstatisticswithr.com},
}
@Article{ltm,
title = {{ltm}: An R package for Latent Variable Modelling and Item Response Theory Analyses},
  author = {Dimitris Rizopoulos},
  journal = {Journal of Statistical Software},
  year = {2006},
  volume = {17},
  number = {5},
  pages = {1--25},
  url = {https://doi.org/10.18637/jss.v017.i05},
}
@Book{MASS,
  title = {Modern Applied Statistics with S},
  author = {W. N. Venables and B. D. Ripley},
  publisher = {Springer},
  edition = {Fourth},
  address = {New York},
  year = {2002},
  note = {ISBN 0-387-95457-0},
  url = {https://www.stats.ox.ac.uk/pub/MASS4/},
}
@Article{mgcv2011,
  title = {Fast stable restricted maximum likelihood and marginal 
likelihood estimation of semiparametric generalized linear models},
  journal = {Journal of the Royal Statistical Society (B)},
  volume = {73},
  number = {1},
  pages = {3-36},
  year = {2011},
  author = {S. N. Wood},
}

@Article{mgcv2016,
  title = {Smoothing parameter and model selection for general smooth models (with discussion)},
  author = {S.N. Wood and {N.} and {Pya} and B. S{"a}fken},
  journal = {Journal of the American Statistical Association},
  year = {2016},
  pages = {1548-1575},
  volume = {111},
}

@Article{mgcv2004,
  title = {Stable and efficient multiple smoothing parameter estimation for 
         generalized additive models},
  journal = {Journal of the American Statistical Association},
  volume = {99},
  number = {467},
  pages = {673-686},
  year = {2004},
  author = {S. N. Wood},
}

@Book{mgcv2017,
  title = {Generalized Additive Models: An Introduction with R},
  year = {2017},
  author = {S.N Wood},
  edition = {2},
  publisher = {Chapman and Hall/CRC},
}

@Article{mgcv2003,
  title = {Thin-plate regression splines},
  journal = {Journal of the Royal Statistical Society (B)},
  volume = {65},
  number = {1},
  pages = {95-114},
  year = {2003},
  author = {S. N. Wood},
}
@Article{NeuralNetTools,
  title = {{NeuralNetTools}: Visualization and Analysis Tools for Neural Networks},
  author = {Marcus W. Beck},
  journal = {Journal of Statistical Software},
  year = {2018},
  volume = {85},
  number = {11},
  pages = {1--20},
  doi = {10.18637/jss.v085.i11},
}
@Book{nnet,
  title = {Modern Applied Statistics with S},
  author = {W. N. Venables and B. D. Ripley},
  publisher = {Springer},
  edition = {Fourth},
  address = {New York},
  year = {2002},
  note = {ISBN 0-387-95457-0},
  url = {https://www.stats.ox.ac.uk/pub/MASS4/},
}
@Manual{pheatmap,
title = {{pheatmap}: Pretty Heatmaps},
  author = {Raivo Kolde},
  year = {2019},
  note = {R package version 1.0.12},
  url = {https://CRAN.R-project.org/package=pheatmap},
}
@Manual{pracma,
title = {{pracma}: Practical Numerical Math Functions},
  author = {Hans W. Borchers},
  year = {2023},
  note = {R package version 2.4.4},
  url = {https://CRAN.R-project.org/package=pracma},
}
@Article{pROC,
title = {{pROC}: an open-source package for R and S+ to analyze and compare ROC curves},
  author = {Xavier Robin and Natacha Turck and Alexandre Hainard and Natalia Tiberti and Frédérique Lisacek and Jean-Charles Sanchez and Markus Müller},
  year = {2011},
  journal = {BMC Bioinformatics},
  volume = {12},
  pages = {77},
}
@Manual{psych,
title = {{psych}: Procedures for Psychological, Psychometric, and Personality Research},
  author = {{William Revelle}},
  organization = {Northwestern University},
  address = {Evanston, Illinois},
  year = {2024},
  note = {R package version 2.4.12},
  url = {https://CRAN.R-project.org/package=psych},
}
@Manual{pwr,
title = {{pwr}: Basic Functions for Power Analysis},
  author = {Stephane Champely},
  year = {2020},
  note = {R package version 1.3-0},
  url = {https://CRAN.R-project.org/package=pwr},
}
@Manual{RColorBrewer,
title = {{RColorBrewer}: ColorBrewer Palettes},
  author = {Erich Neuwirth},
  year = {2022},
  note = {R package version 1.1-3},
  url = {https://CRAN.R-project.org/package=RColorBrewer},
}
@Manual{reticulate,
title = {{reticulate}: Interface to `{Python}'},
  author = {Kevin Ushey and JJ Allaire and Yuan Tang},
  year = {2024},
  note = {R package version 1.40.0},
  url = {https://CRAN.R-project.org/package=reticulate},
}
@Manual{rjson,
title = {{rjson}: JSON for R},
  author = {Alex Couture-Beil},
  year = {2024},
  note = {R package version 0.2.23},
  url = {https://CRAN.R-project.org/package=rjson},
}
@Article{ROCR,
  entry = {article},
title = {{ROCR}: visualizing classifier performance in R},
  author = {T. Sing and O. Sander and N. Beerenwinkel and T. Lengauer},
  year = {2005},
  journal = {Bioinformatics},
  volume = {21},
  number = {20},
  pages = {7881},
  url = {http://rocr.bioinf.mpi-sb.mpg.de},
}
@Manual{rpart,
title = {{rpart}: Recursive Partitioning and Regression Trees},
  author = {Terry Therneau and Beth Atkinson},
  year = {2023},
  note = {R package version 4.1.23},
  url = {https://CRAN.R-project.org/package=rpart},
}
@Manual{rpartplot,
title = {{rpart.plot}: Plot `{rpart}' Models: An Enhanced Version of `{plot.rpart}'},
  author = {Stephen Milborrow},
  year = {2024},
  note = {R package version 3.1.2},
  url = {https://CRAN.R-project.org/package=rpart.plot},
}
@Manual{rstatix,
title = {{rstatix}: Pipe-Friendly Framework for Basic Statistical Tests},
  author = {Alboukadel Kassambara},
  year = {2023},
  note = {R package version 0.7.2},
  url = {https://CRAN.R-project.org/package=rstatix},
}
@Manual{scales,
title = {{scales}: Scale Functions for Visualization},
  author = {Hadley Wickham and Thomas Lin Pedersen and Dana Seidel},
  year = {2023},
  note = {R package version 1.3.0},
  url = {https://CRAN.R-project.org/package=scales},
}
@Manual{stats,
title = {{R}: A Language and Environment for Statistical Computing},
  author = {{R Core Team}},
  organization = {R Foundation for Statistical Computing},
  address = {Vienna, Austria},
  year = {2024},
  url = {https://www.R-project.org/},
}
@Manual{verification,
title = {{verification}: Weather Forecast Verification Utilities},
  author = {Eric Gilleland},
  year = {2024},
  note = {R package version 1.44},
  url = {https://CRAN.R-project.org/package=verification},
}
@Manual{viridis,
  title = {{viridis(Lite)} - Colorblind-Friendly Color Maps for R},
  author = {{Garnier} and {Simon} and {Ross} and {Noam} and {Rudis} and {Robert} and {Camargo} and Antônio Pedro and {Sciaini} and {Marco} and {Scherer} and {Cédric}},
  year = {2024},
  note = {viridis package version 0.6.5},
  url = {https://sjmgarnier.github.io/viridis/},
  doi = {10.5281/zenodo.4679423},
}
@Article{tidyverse,
  title = {Welcome to the {tidyverse}},
  author = {Hadley Wickham and Mara Averick and Jennifer Bryan and Winston Chang and Lucy D'Agostino McGowan and Romain François and Garrett Grolemund and Alex Hayes and Lionel Henry and Jim Hester and Max Kuhn and Thomas Lin Pedersen and Evan Miller and Stephan Milton Bache and Kirill Müller and Jeroen Ooms and David Robinson and Dana Paige Seidel and Vitalie Spinu and Kohske Takahashi and Davis Vaughan and Claus Wilke and Kara Woo and Hiroaki Yutani},
  year = {2019},
  journal = {Journal of Open Source Software},
  volume = {4},
  number = {43},
  pages = {1686},
  doi = {10.21105/joss.01686},
}
