
@article{braun_using_2006,
	title = {Using thematic analysis in psychology},
	copyright = {Copyright Taylor and Francis Group, LLC},
	url = {https://www.tandfonline.com/doi/abs/10.1191/1478088706qp063oa},
	abstract = {Thematic analysis is a poorly demarcated, rarely acknowledged, yet widely used qualitative analytic method within psychology. In this paper, we argue that it offers an accessible and theoretically ...},
	language = {EN},
	urldate = {2025-01-10},
	journal = {Qualitative Research in Psychology},
	author = {Braun, Virginia and Clarke, Victoria},
	month = jan,
	year = {2006},
	note = {Publisher: Taylor \& Francis Group},
	file = {Snapshot:/Users/srirajaiyer/Zotero/storage/WYAWPYVU/1478088706QP063OA.html:text/html},
}
